@inproceedings{Hesmans:2014:TMT:2619239.2631453,
 author = {Hesmans, Benjamin and Bonaventure, Olivier},
 title = {Tracing Multipath TCP Connections},
 booktitle = {Proceedings of the 2014 ACM Conference on SIGCOMM},
 series = {SIGCOMM '14},
 year = {2014},
 isbn = {978-1-4503-2836-4},
 location = {Chicago, Illinois, USA},
 pages = {361--362},
 numpages = {2},
 url = {http://doi.acm.org/10.1145/2619239.2631453},
 doi = {10.1145/2619239.2631453},
 acmid = {2631453},
 publisher = {ACM},
 address = {New York, NY, USA},
 keywords = {Multipath TCP},
}
@incollection{barre2011multipath,
  title={Multipath TCP: from theory to practice},
  author={Barr{\'e}, S{\'e}bastien and Paasch, Christoph and Bonaventure, Olivier},
  booktitle={NETWORKING 2011},
  pages={444--457},
  year={2011},
  publisher={Springer}
}
@inproceedings{chen2014bufferbloat,
  title={On bufferbloat and delay analysis of multipath TCP in wireless networks},
  author={Chen, Yung-Chih and Towsley, Don},
  booktitle={Networking Conference, 2014 IFIP},
  pages={1--9},
  year={2014},
  organization={IEEE}
}
@inproceedings{paasch2014experimental,
  title={Experimental evaluation of multipath TCP schedulers},
  author={Paasch, Christoph and Ferlin, Simone and Alay, Ozgu and Bonaventure, Olivier},
  booktitle={Proceedings of the 2014 ACM SIGCOMM workshop on Capacity sharing workshop},
  pages={27--32},
  year={2014},
  organization={ACM}
}
@inproceedings{honda2005understanding,
  title={Understanding TCP over TCP: effects of TCP tunneling on end-to-end throughput and latency},
  author={Honda, Osamu and Ohsaki, Hiroyuki and Imase, Makoto and Ishizuka, Mika and Murayama, Junichi},
  booktitle={Optics East 2005},
  pages={60110H--60110H},
  year={2005},
  organization={International Society for Optics and Photonics}
}
@inproceedings{vantagepoint,
  title={Analysis of Satellite-Based Telecommunications and Broadband Services},
  author={VantagePoint},
  year={2013},
  organization={VantagePoint}
}
@inproceedings{cao2012delay,
  title={Delay-based congestion control for multipath TCP},
  author={Cao, Yu and Xu, Mingwei and Fu, Xiaoming},
  booktitle={Network Protocols (ICNP), 2012 20th IEEE International Conference on},
  pages={1--10},
  year={2012},
  organization={IEEE}
}
@book{blum2003network,
  title={Network Performance Open Source Toolkit: Using Netperf, tcptrace, NISTnet, and SSFNet},
  author={Blum, Richard},
  year={2003},
  publisher={John Wiley \& Sons}
}
@article{afanasyev2010host,
  title={Host-to-host congestion control for TCP},
  author={Afanasyev, Alexander and Tilley, Neil and Reiher, Peter and Kleinrock, Leonard},
  journal={Communications Surveys \& Tutorials, IEEE},
  volume={12},
  number={3},
  pages={304--342},
  year={2010},
  publisher={IEEE}
}
@misc{deverahtb,
  title={HTB LINUX queuing discipline manual--user guide.},
  author={Devera, Martin},
  year={2004}
}
@misc{openwrt_n900,
  title = {{TP-LINK N900}},
  howpublished = "\url{http://wiki.openwrt.org/toh/tp-link/tl-wdr4900}",
}
@misc{openwrt,
  title = {{OpenWRT wiki}},
  howpublished = "\url{http://wiki.openwrt.org}",
}
@misc{openvpn,
  title = {{OpenVPN}},
  howpublished = "\url{https://community.openvpn.net}",
}
@misc{tcptrace,
  title = {{TCPTrace}},
  howpublished = "\url{http://www.tcptrace.org}",
}
@misc{mptcp,
  title = {{MPTCP website}},
  howpublished = "\url{https://github.com/multipath-tcp/mptcp}",
}
@misc{flent,
  title = {{The FLExible Network Tester (flent)}},
  author= {{Toke Høiland-Jørgensen}},
  howpublished = "\url{https://flent.org}",
  organization={{Karlstad University}}
}
@misc{netperf,
  title = {{netperf}},
  howpublished = "\url{http://www.netperf.org/netperf/}",
}
@misc{tcptuning,
  title = {{TCP Tuning}},
  howpublished = "\url{http://www.psc.edu/index.php/networking/641-tcp-tune}",
}
@misc{tcpovertcp,
  title = {{Why TCP Over TCP Is A Bad Idea}},
  author={Olaf Titz},
  year={2001},
  howpublished = "\url{http://sites.inka.de/bigred/devel/tcp-tcp.html}",
}
@misc{stackoverflowtbf,
  title = {{TBF Figure}},
  howpublished = "\url{http://unix.stackexchange.com/questions/100785/bucket-size-in-tbf}",
}
